%YAML 1.1
%TAG !u! tag:unity3d.com,2011:
--- !u!114 &-9121648126640529353
MonoBehaviour:
  m_ObjectHideFlags: 0
  m_CorrespondingSourceObject: {fileID: 0}
  m_PrefabInstance: {fileID: 0}
  m_PrefabAsset: {fileID: 0}
  m_GameObject: {fileID: 0}
  m_Enabled: 1
  m_EditorHideFlags: 0
  m_Script: {fileID: 11500000, guid: ceb653cd98e289a4e8697a1af55201f2, type: 3}
  m_Name: event:/Ambience/Village/Torch
  m_EditorClassIdentifier: 
  Path: event:/Ambience/Village/Torch
  guid: c51cf56cad0cec40a127280704daeadb
  Banks:
  - {fileID: -4309501794213573230}
  IsStream: 1
  Is3D: 1
  IsOneShot: 0
  Parameters: []
  MinDistance: 1
  MaxDistance: 7.2000003
  Length: 22830
--- !u!114 &-8516174061167317346
MonoBehaviour:
  m_ObjectHideFlags: 0
  m_CorrespondingSourceObject: {fileID: 0}
  m_PrefabInstance: {fileID: 0}
  m_PrefabAsset: {fileID: 0}
  m_GameObject: {fileID: 0}
  m_Enabled: 1
  m_EditorHideFlags: 0
  m_Script: {fileID: 11500000, guid: ceb653cd98e289a4e8697a1af55201f2, type: 3}
  m_Name: event:/Ambience/wind_forest_loop
  m_EditorClassIdentifier: 
  Path: event:/Ambience/wind_forest_loop
  guid: 0d41bada06314f4ba5abbd483a29f427
  Banks:
  - {fileID: -2203727204849872128}
  IsStream: 0
  Is3D: 0
  IsOneShot: 0
  Parameters: []
  MinDistance: 0
  MaxDistance: 0
  Length: 25000
--- !u!114 &-8491144872358304127
MonoBehaviour:
  m_ObjectHideFlags: 0
  m_CorrespondingSourceObject: {fileID: 0}
  m_PrefabInstance: {fileID: 0}
  m_PrefabAsset: {fileID: 0}
  m_GameObject: {fileID: 0}
  m_Enabled: 1
  m_EditorHideFlags: 0
  m_Script: {fileID: 11500000, guid: c18180ecb35941f4682ae60107b85b7c, type: 3}
  m_Name: bank:/Master.strings.bank
  m_EditorClassIdentifier: 
  Path: ../../Documents/IAM/FMOD/1 lesson/Build/Desktop/Master.strings.bank
  Name: Master.strings
  StudioPath: bank:/Master.strings
  lastModified: 637973161485063291
  LoadResult: 0
  FileSizes:
  - Name: Desktop
    Value: 822
  Exists: 1
--- !u!114 &-7609454202800282668
MonoBehaviour:
  m_ObjectHideFlags: 0
  m_CorrespondingSourceObject: {fileID: 0}
  m_PrefabInstance: {fileID: 0}
  m_PrefabAsset: {fileID: 0}
  m_GameObject: {fileID: 0}
  m_Enabled: 1
  m_EditorHideFlags: 0
  m_Script: {fileID: 11500000, guid: ceb653cd98e289a4e8697a1af55201f2, type: 3}
  m_Name: event:/Ambience/Village/2D/Village 2d ambiance
  m_EditorClassIdentifier: 
  Path: event:/Ambience/Village/2D/Village 2d ambiance
  guid: 128b65fa1b108e4597f83b3dc7698779
  Banks:
  - {fileID: -2245453884351683549}
  IsStream: 1
  Is3D: 1
  IsOneShot: 0
  Parameters: []
  MinDistance: 0
  MaxDistance: 0
  Length: 27549
--- !u!114 &-5317425145512791146
MonoBehaviour:
  m_ObjectHideFlags: 0
  m_CorrespondingSourceObject: {fileID: 0}
  m_PrefabInstance: {fileID: 0}
  m_PrefabAsset: {fileID: 0}
  m_GameObject: {fileID: 0}
  m_Enabled: 1
  m_EditorHideFlags: 0
  m_Script: {fileID: 11500000, guid: ceb653cd98e289a4e8697a1af55201f2, type: 3}
  m_Name: event:/Torch
  m_EditorClassIdentifier: 
  Path: event:/Torch
  guid: c51cf56cad0cec40a127280704daeadb
  Banks: []
  IsStream: 1
  Is3D: 1
  IsOneShot: 0
  Parameters: []
  MinDistance: 1
  MaxDistance: 7.2000003
  Length: 22830
--- !u!114 &-4309501794213573230
MonoBehaviour:
  m_ObjectHideFlags: 0
  m_CorrespondingSourceObject: {fileID: 0}
  m_PrefabInstance: {fileID: 0}
  m_PrefabAsset: {fileID: 0}
  m_GameObject: {fileID: 0}
  m_Enabled: 1
  m_EditorHideFlags: 0
  m_Script: {fileID: 11500000, guid: c18180ecb35941f4682ae60107b85b7c, type: 3}
  m_Name: bank:/Master.bank
  m_EditorClassIdentifier: 
  Path: ../../Documents/IAM/FMOD/1 lesson/Build/Desktop/Master.bank
  Name: Master
  StudioPath: bank:/Master
  lastModified: 637975572125061487
  LoadResult: 0
  FileSizes: []
  Exists: 1
--- !u!114 &-2529863352720553465
MonoBehaviour:
  m_ObjectHideFlags: 0
  m_CorrespondingSourceObject: {fileID: 0}
  m_PrefabInstance: {fileID: 0}
  m_PrefabAsset: {fileID: 0}
  m_GameObject: {fileID: 0}
  m_Enabled: 1
  m_EditorHideFlags: 0
  m_Script: {fileID: 11500000, guid: ceb653cd98e289a4e8697a1af55201f2, type: 3}
  m_Name: event:/Character/Footsteps
  m_EditorClassIdentifier: 
  Path: event:/Character/Footsteps
  guid: 4c5ece565314394ead865a980ed2ff8f
  Banks:
  - {fileID: -2245453884351683549}
  IsStream: 0
  Is3D: 1
  IsOneShot: 1
  Parameters: []
  MinDistance: 1
  MaxDistance: 20
  Length: 980
--- !u!114 &-2444681904002572913
MonoBehaviour:
  m_ObjectHideFlags: 0
  m_CorrespondingSourceObject: {fileID: 0}
  m_PrefabInstance: {fileID: 0}
  m_PrefabAsset: {fileID: 0}
  m_GameObject: {fileID: 0}
  m_Enabled: 1
  m_EditorHideFlags: 0
  m_Script: {fileID: 11500000, guid: ceb653cd98e289a4e8697a1af55201f2, type: 3}
  m_Name: event:/Ambience/wind_sea_ambience_loop
  m_EditorClassIdentifier: 
  Path: event:/Ambience/wind_sea_ambience_loop
  guid: 217517c920ffaa4dae3d381a69579b87
  Banks:
  - {fileID: -2203727204849872128}
  IsStream: 1
  Is3D: 1
  IsOneShot: 0
  Parameters: []
  MinDistance: 1
  MaxDistance: 15
  Length: 27549
--- !u!114 &-2296117826948461139
MonoBehaviour:
  m_ObjectHideFlags: 0
  m_CorrespondingSourceObject: {fileID: 0}
  m_PrefabInstance: {fileID: 0}
  m_PrefabAsset: {fileID: 0}
  m_GameObject: {fileID: 0}
  m_Enabled: 1
  m_EditorHideFlags: 0
  m_Script: {fileID: 11500000, guid: ceb653cd98e289a4e8697a1af55201f2, type: 3}
  m_Name: event:/Ambience/Village/Village 2d ambiance
  m_EditorClassIdentifier: 
  Path: event:/Ambience/Village/Village 2d ambiance
  guid: 128b65fa1b108e4597f83b3dc7698779
  Banks:
  - {fileID: -4309501794213573230}
  IsStream: 1
  Is3D: 1
  IsOneShot: 0
  Parameters: []
  MinDistance: 0
  MaxDistance: 0
  Length: 27549
--- !u!114 &-2245453884351683549
MonoBehaviour:
  m_ObjectHideFlags: 0
  m_CorrespondingSourceObject: {fileID: 0}
  m_PrefabInstance: {fileID: 0}
  m_PrefabAsset: {fileID: 0}
  m_GameObject: {fileID: 0}
  m_Enabled: 1
  m_EditorHideFlags: 0
  m_Script: {fileID: 11500000, guid: c18180ecb35941f4682ae60107b85b7c, type: 3}
  m_Name: bank:/Master.bank
  m_EditorClassIdentifier: 
  Path: ../FMOD/1 lesson/Build/Desktop/Master.bank
  Name: Master
  StudioPath: bank:/Master
  lastModified: 637978294651412193
  LoadResult: 0
  FileSizes: []
  Exists: 1
--- !u!114 &-2203727204849872128
MonoBehaviour:
  m_ObjectHideFlags: 0
  m_CorrespondingSourceObject: {fileID: 0}
  m_PrefabInstance: {fileID: 0}
  m_PrefabAsset: {fileID: 0}
  m_GameObject: {fileID: 0}
  m_Enabled: 1
  m_EditorHideFlags: 0
  m_Script: {fileID: 11500000, guid: c18180ecb35941f4682ae60107b85b7c, type: 3}
  m_Name: bank:/Master.bank
  m_EditorClassIdentifier: 
  Path: ../../Documents/IAM/FMOD/1 lesson/Build/Desktop/Master.bank
  Name: Master
  StudioPath: bank:/Master
  lastModified: 637973161485043288
  LoadResult: 0
  FileSizes: []
  Exists: 1
--- !u!114 &11400000
MonoBehaviour:
  m_ObjectHideFlags: 0
  m_CorrespondingSourceObject: {fileID: 0}
  m_PrefabInstance: {fileID: 0}
  m_PrefabAsset: {fileID: 0}
  m_GameObject: {fileID: 0}
  m_Enabled: 1
  m_EditorHideFlags: 0
  m_Script: {fileID: 11500000, guid: d32cf7c32a3ed8347bac48ef5ed56d82, type: 3}
  m_Name: FMODStudioCache
  m_EditorClassIdentifier: 
  EditorBanks:
  - {fileID: 2730124401427242435}
  - {fileID: -2245453884351683549}
  EditorEvents:
  - {fileID: -7609454202800282668}
  - {fileID: -2529863352720553465}
  - {fileID: 7857611133365536076}
  EditorParameters: []
  MasterBanks:
  - {fileID: -2245453884351683549}
  StringsBanks:
  - {fileID: 2730124401427242435}
  stringsBankWriteTime: 637978294651427205
  cacheVersion: 6
--- !u!114 &2526169768382841709
MonoBehaviour:
  m_ObjectHideFlags: 0
  m_CorrespondingSourceObject: {fileID: 0}
  m_PrefabInstance: {fileID: 0}
  m_PrefabAsset: {fileID: 0}
  m_GameObject: {fileID: 0}
  m_Enabled: 1
  m_EditorHideFlags: 0
  m_Script: {fileID: 11500000, guid: ceb653cd98e289a4e8697a1af55201f2, type: 3}
  m_Name: event:/Ambience/Village/Torch
  m_EditorClassIdentifier: 
  Path: event:/Ambience/Village/Torch
  guid: c51cf56cad0cec40a127280704daeadb
  Banks:
  - {fileID: -4309501794213573230}
  IsStream: 1
  Is3D: 1
  IsOneShot: 0
  Parameters: []
  MinDistance: 1
  MaxDistance: 7.4
  Length: 22830
--- !u!114 &2730124401427242435
MonoBehaviour:
  m_ObjectHideFlags: 0
  m_CorrespondingSourceObject: {fileID: 0}
  m_PrefabInstance: {fileID: 0}
  m_PrefabAsset: {fileID: 0}
  m_GameObject: {fileID: 0}
  m_Enabled: 1
  m_EditorHideFlags: 0
  m_Script: {fileID: 11500000, guid: c18180ecb35941f4682ae60107b85b7c, type: 3}
  m_Name: bank:/Master.strings.bank
  m_EditorClassIdentifier: 
  Path: ../FMOD/1 lesson/Build/Desktop/Master.strings.bank
  Name: Master.strings
  StudioPath: bank:/Master.strings
  lastModified: 637978294651427205
  LoadResult: 0
  FileSizes:
  - Name: Desktop
    Value: 890
  Exists: 1
--- !u!114 &5209393005770960043
MonoBehaviour:
  m_ObjectHideFlags: 0
  m_CorrespondingSourceObject: {fileID: 0}
  m_PrefabInstance: {fileID: 0}
  m_PrefabAsset: {fileID: 0}
  m_GameObject: {fileID: 0}
  m_Enabled: 1
  m_EditorHideFlags: 0
  m_Script: {fileID: 11500000, guid: c18180ecb35941f4682ae60107b85b7c, type: 3}
  m_Name: bank:/Master.strings.bank
  m_EditorClassIdentifier: 
  Path: ../../Documents/IAM/FMOD/1 lesson/Build/Desktop/Master.strings.bank
  Name: Master.strings
  StudioPath: bank:/Master.strings
  lastModified: 637975572125076486
  LoadResult: 0
  FileSizes:
  - Name: Desktop
    Value: 822
  Exists: 1
--- !u!114 &5603364509210917972
MonoBehaviour:
  m_ObjectHideFlags: 0
  m_CorrespondingSourceObject: {fileID: 0}
  m_PrefabInstance: {fileID: 0}
  m_PrefabAsset: {fileID: 0}
  m_GameObject: {fileID: 0}
  m_Enabled: 1
  m_EditorHideFlags: 0
  m_Script: {fileID: 11500000, guid: ceb653cd98e289a4e8697a1af55201f2, type: 3}
  m_Name: event:/Ambience/wind_forest_loop
  m_EditorClassIdentifier: 
  Path: event:/Ambience/wind_forest_loop
  guid: 0d41bada06314f4ba5abbd483a29f427
  Banks: []
  IsStream: 0
  Is3D: 0
  IsOneShot: 0
  Parameters: []
  MinDistance: 0
  MaxDistance: 0
  Length: 25000
--- !u!114 &6974010644372557339
MonoBehaviour:
  m_ObjectHideFlags: 0
  m_CorrespondingSourceObject: {fileID: 0}
  m_PrefabInstance: {fileID: 0}
  m_PrefabAsset: {fileID: 0}
  m_GameObject: {fileID: 0}
  m_Enabled: 1
  m_EditorHideFlags: 0
  m_Script: {fileID: 11500000, guid: ceb653cd98e289a4e8697a1af55201f2, type: 3}
  m_Name: event:/Ambience/wind_sea_ambience_loop
  m_EditorClassIdentifier: 
  Path: event:/Ambience/wind_sea_ambience_loop
  guid: 217517c920ffaa4dae3d381a69579b87
  Banks: []
  IsStream: 1
  Is3D: 1
  IsOneShot: 0
  Parameters: []
  MinDistance: 1
  MaxDistance: 15
  Length: 27549
--- !u!114 &7857611133365536076
MonoBehaviour:
  m_ObjectHideFlags: 0
  m_CorrespondingSourceObject: {fileID: 0}
  m_PrefabInstance: {fileID: 0}
  m_PrefabAsset: {fileID: 0}
  m_GameObject: {fileID: 0}
  m_Enabled: 1
  m_EditorHideFlags: 0
  m_Script: {fileID: 11500000, guid: ceb653cd98e289a4e8697a1af55201f2, type: 3}
  m_Name: event:/Ambience/Village/3D/Torch
  m_EditorClassIdentifier: 
  Path: event:/Ambience/Village/3D/Torch
  guid: 88011c969de34f4aaab37939f0bfbc4e
  Banks:
  - {fileID: -2245453884351683549}
  IsStream: 0
  Is3D: 1
  IsOneShot: 0
  Parameters: []
  MinDistance: 0.7
  MaxDistance: 50
  Length: 22830
